@inproceedings{1,
    title={A KL Divergence and DNN-Based Approach to Voice Conversion without Parallel Training Sentences},
    author={Feng-Long Xie and Frank K. Soong and Haifeng Li},
    booktitle={INTERSPEECH},
    year={2016}
}

@article{2,
    title={Non-Parallel Voice Conversion Using Variational Autoencoders Conditioned by Phonetic Posteriorgrams and D-Vectors},
    author={Yuki Saito and Yusuke Ijima and Kyosuke Nishida and Shinnosuke Takamichi},
    journal={2018 IEEE International Conference on Acoustics, Speech and Signal Processing (ICASSP)},
    year={2018},
    pages={5274-5278}
}

@article{3,
    title={Non-Parallel Training in Voice Conversion Using an Adaptive Restricted Boltzmann Machine},
    author={Toru Nakashika and Tetsuya Takiguchi and Yasuhiro Minami},
    journal={IEEE/ACM Transactions on Audio, Speech, and Language Processing},
    year={2016},
    volume={24},
    pages={2032-2045}
}

@inproceedings{4,
    title={Voice Conversion from Unaligned Corpora Using Variational Autoencoding Wasserstein Generative Adversarial Networks},
    author={Chin-Cheng Hsu and Hsin-Te Hwang and Yi-Chiao Wu and Yu Tsao and Hsin-Min Wang},
    booktitle={INTERSPEECH},
    year={2017}
}

@inproceedings{5,
    title={Generative Adversarial Nets},
    author={Ian J. Goodfellow and Jean Pouget-Abadie and Mehdi Mirza and Bing Xu and David Warde-Farley and Sherjil Ozair and Aaron C. Courville and Yoshua Bengio},
    booktitle={NIPS},
    year={2014}
}
